<?xml version="1.0" encoding="UTF-8"?><collection xmlns="http://www.loc.gov/MARC21/slim"><record><leader>00413nam--2200169-i-4500</leader><controlfield tag="001">000024747</controlfield><controlfield tag="002">20161230</controlfield><controlfield tag="005">20170102203700</controlfield><controlfield tag="008">060222s1000------------r-----000-0-eng-d</controlfield><datafield ind1=" " ind2=" " tag="080"><subfield code="a">621.38</subfield></datafield><datafield ind1=" " ind2=" " tag="100"><subfield code="a">Ionel, Sabin</subfield></datafield><datafield ind1=" " ind2=" " tag="245"><subfield code="a">Introducere practica in electronica</subfield></datafield><datafield ind1=" " ind2=" " tag="260"><subfield code="a">Timisoara</subfield><subfield code="b">Editura Facla</subfield><subfield code="c">1988</subfield></datafield><datafield ind1=" " ind2=" " tag="300"><subfield code="a">259 p</subfield></datafield><datafield ind1=" " ind2=" " tag="700"><subfield code="a">Munteanu, Radu</subfield></datafield><datafield ind1=" " ind2=" " tag="852"><subfield code="a">74898</subfield></datafield><datafield ind1=" " ind2=" " tag="CAT"><subfield code="a">SYS</subfield><subfield code="c">20170102</subfield><subfield code="h">203700</subfield></datafield></record></collection>